@Article{brown:96,
  author = 	 {A.W. Brown and K. C. Wallnau},
  title = 	 {A Framework for Evaluating Software Technology},
  journal = 	 {IEEE Software},
  year = 	 1996,
  volume = 	 13,
  number = 	 5,
  pages = 	 {39-49},
  month = 	 {September}
}

@misc{auth0:oauth2,
  author       = {Auth0},
  title        = {What is OAuth 2.0?},
  howpublished = {\url{https://auth0.com/intro-to-iam/what-is-oauth-2}},
  year         = {2024},
  note         = {Accessed: 2024-11-15}
}

@misc{oauth2spec,
  author       = {Internet Engineering Task Force (IETF)},
  title        = {The OAuth 2.0 Authorization Framework (RFC 6749)},
  howpublished = {\url{https://datatracker.ietf.org/doc/html/rfc6749}},
  year         = {2012},
  note         = {Accessed: 2024-11-15}
}

@misc{springboot,
  author       = {Spring Framework},
  title        = {Spring Boot Documentation},
  howpublished = {\url{https://spring.io/projects/spring-boot}},
  year         = {2024},
  note         = {Accessed: 2024-11-15}
}

@misc{svelte,
  author       = {Svelte},
  title        = {Svelte Documentation},
  howpublished = {\url{https://svelte.dev/}},
  year         = {2024},
  note         = {Accessed: 2024-11-15}
}

@misc{vite,
  author       = {Vite},
  title        = {Vite Documentation},
  howpublished = {\url{https://vitejs.dev/}},
  year         = {2024},
  note         = {Accessed: 2024-11-15}
}

@misc{owasp:authcheatsheet,
  author       = {OWASP Foundation},
  title        = {Authentication Cheat Sheet},
  howpublished = {\url{https://cheatsheetseries.owasp.org/cheatsheets/Authentication_Cheat_Sheet.html}},
  year         = {2024},
  note         = {Accessed: 2024-11-15}
}


@misc{oauthperformance,
  author       = {Google Cloud},
  title        = {OAuth 2.0 Performance and Scalability},
  howpublished = {\url{https://cloud.google.com/docs/authentication/oauth-performance}},
  year         = {2024},
  note         = {Accessed: 2024-11-15}
}


@misc{google:oauth,
  author       = {Google Developers},
  title        = {Using OAuth 2.0 for Google APIs},
  howpublished = {\url{https://developers.google.com/identity/protocols/oauth2}},
  year         = {2024},
  note         = {Accessed: 2024-11-15}
}

@misc{oauthnet,
  author       = {OAuth.net},
  title        = {OAuth 2.0 â€” The Industry Standard for Authorization},
  howpublished = {\url{https://oauth.net/2/}},
  year         = {2024},
  note         = {Accessed: 2024-11-15}
}

@misc{basic-auth-risks,
  author       = {Mozilla Developer Network (MDN)},
  title        = {HTTP Authentication - Basic and Digest Access Authentication},
  howpublished = {\url{https://developer.mozilla.org/en-US/docs/Web/HTTP/Authentication}},
  year         = {2024},
  note         = {Accessed: 2024-11-15}
}

